LDR  00809nam  2200229   4500
001  UCb10265019
005  20090626144055.3
008  831129 1979    xx                  eng d
010       $a    79116506
035       $a (OCoLC) 213982197
035       $a GLADN33555859
079       $a 5566629
090       $a F868.V5 $b .P52
245  02   $a A Pictorial history of Ventura County, California
260  0    $a [s.l. : $b s.n.], $c c1979  $e (Oxnard, Calif. : $f M & N Print.)
300       $a 252 p. : $b chiefly ill. ; $c 24 cm
500       $a BER: 001 FIELD DOES NOT HAVE 9 DIGITS FOLLOWING THE INITIAL UCb - REJECT (07/09).
651   0   $a Ventura County (Calif.) $x History $x Pictorial works.
651   0   $a Ventura County (Calif.) $x Pictorial works.
752       $a Unknown place
852       $a CU $b tb $h F868.V5 $i .P52
998       $a tb $b 831129 $c m $d a $e - $f eng $g xx  $h 2 $i 1

Record 4
