LDR  00706nam  2200205   4500
001  UCb102650172
005  20020510143000.0
008  831129 1885    enk                 eng d
035       $a (OCoLC) 213982201
035       $a GLADN33555861
079       $a 8615375
090       $d p $a PN6157.K6 $b .L5378br
100  10   $a Leland, Charles Godfrey, $d 1824-1903.
245  10   $a Brand-new ballads / $c by Charles G. Leland, "Hans Breitman" ; with many ill. by Hal Ludlow, Thomas Dalziel and the author
260  0    $a London : $b "Fun" Office, $c 1885
300       $a 149 p. : $b ill. ; $c 18 cm
500       $a BER: NO INPUT 852 - REJECT (07/09)."
500       $a Koundakjian collection
752       $a Great Britain $b England $d London
901       $a BER $b 102650172

Record 5
