LDR  01120nam  2200253   4500
001  UCb102650226
005  20020510143000.0
008  831129 1927    txu                 eng d
010       $a    44026830
035       $a (OCoLC) 213982211
035       $a GLADN33555866
079       $a 2438436
090       $a F1206 $b .C396
100  10   $a Chastain, James Garvin, $d b. 1853.
245  10   $a Thirty years in Mexico, $c by missionary James Garvin Chastain, D.D.; with an introduction by A.B. Rudd ... A sketch of Northern Baptist missions in Mexico [by] Rev. C.S. Detweiler ..
260  0    $a El Paso, $b Tex., Printed for the author by Baptist Publishing House $c [1927?]
300       $a 191 p. $b incl. port., illus. fold. map. $c 23 cm
500       $a BER: ONLY 852 DOES NOT HAVE SUBFLD b WITH LOC CODE - REJECT (07/09).
500       $a Author's signed presentation copy to Mr. and Mrs. Edward Frederick Backus
650   0   $a Baptists $z Mexico.
651   0   $a Mexico $x Church history.
700  10   $a Detweiler, Charles S. $q (Charles Samuel), $d b. 1878. $t Sketch of Northern Baptist missions in Mexico
752       $a United States $b Texas $d El Paso
901       $a BER $b 102650226

